@book{merziger2024repetitorium,
  title={Repetitorium h{\"o}here Mathematik},
  author={Merziger, Gerhard},
  year={2024},
  publisher={Carl Hanser Verlag GmbH Co KG}
}
@book{gollmann2017mathematik,
  title={Mathematik f{\"u}r Ingenieure: Verstehen-Rechnen-Anwenden},
  author={G{\"o}llmann, Laurenz and H{\"u}bl, Reinhold and Pulham, Susan and Ritter, Stefan and Schon, Henning and Sch{\"u}ffler, Karlheinz and Vo{\ss}, Ursula and Vossen, Georg},
  year={2017},
  publisher={Springer}
}
@book{zolzer2002dafx,
  title={DAFX-Digital audio effects},
  author={Z{\"o}lzer, Udo and Amatriain, Xavier and Arfib, Daniel and Bonada, Jordi and De Poli, Giovanni and Dutilleux, Pierre and Evangelista, Gianpaolo and Keiler, Florian and Loscos, Alex and Rocchesso, Davide and others},
  year={2002},
  publisher={John Wiley \& Sons}
}